@inproceedings{vasilakis2021pash,
  title={Pash: Light-touch data-parallel shell processing},
  author={Vasilakis, Nikos and Kallas, Konstantinos and Mamouras, Konstantinos and Benetopoulos, Achilles and Cvetkovi{\'c}, Lazar},
  booktitle={Proceedings of the Sixteenth European Conference on Computer Systems},
  pages={49--66},
  year={2021}
}
@article{kim2015webshark,
  title={WebSHArk 1.0: a benchmark collection for malicious web shell detection},
  author={Kim, Jinsuk and Yoo, Dong-Hoon and Jang, Heejin and Jeong, Kimoon},
  journal={Journal of Information Processing Systems},
  volume={11},
  number={2},
  pages={229--238},
  year={2015},
  publisher={Korea Information Processing Society}
}

@phdthesis{fan2021nvidia,
  title={NVIDIA Performance Testing for Emulation of the Grace CPU},
  author={Fan, Gong},
  year={2021},
  school={NVIDIA Corporation}
}